<record><leader>00000cas a2200000 a 4500</leader><controlfield tag="001">2252828</controlfield><controlfield tag="008">760620d186119uusduwr ne      0    0eng c</controlfield><datafield ind1=" " ind2=" " tag="010"><subfield code="a">sn 84022142 </subfield></datafield><datafield ind1=" " ind2=" " tag="040"><subfield code="a">MUL</subfield><subfield code="b">eng</subfield><subfield code="c">MUL</subfield><subfield code="d">NPX</subfield><subfield code="d">NPU</subfield><subfield code="d">DLC</subfield><subfield code="d">ONP</subfield><subfield code="d">SXN</subfield><subfield code="d">OCL</subfield><subfield code="d">DLC</subfield><subfield code="d">OCLCQ</subfield><subfield code="d">OCLCF</subfield><subfield code="d">OCLCO</subfield><subfield code="d">CUS</subfield></datafield><datafield ind1=" " ind2=" " tag="042"><subfield code="a">pcc</subfield></datafield><datafield ind1=" " ind2=" " tag="043"><subfield code="a">n-us-sd</subfield></datafield><datafield ind1="0" ind2="0" tag="050"><subfield code="a">Newspaper</subfield></datafield><datafield ind1="1" ind2="4" tag="050"><subfield code="a">AN</subfield></datafield><datafield ind1="0" ind2="4" tag="245"><subfield code="a">The Dakota republican.</subfield></datafield><datafield ind1="3" ind2="0" tag="246"><subfield code="a">Vermillion Republican</subfield></datafield><datafield ind1=" " ind2=" " tag="260"><subfield code="a">Vermillion, Dakota Territory [S.D.] :</subfield><subfield code="b">T. Elwood Clark,</subfield><subfield code="c">1861-</subfield></datafield><datafield ind1=" " ind2=" " tag="300"><subfield code="a">v.</subfield></datafield><datafield ind1=" " ind2=" " tag="310"><subfield code="a">Weekly</subfield></datafield><datafield ind1="0" ind2=" " tag="362"><subfield code="a">Vol. 1, no. 1 (Aug. 31, 1861)-</subfield></datafield><datafield ind1=" " ind2=" " tag="530"><subfield code="a">Available on microfilm from: State Archives, South Dakota State Historical Society, and the Library of Congress, Photoduplication Service.</subfield></datafield><datafield ind1=" " ind2="0" tag="651"><subfield code="a">Dakota Territory</subfield><subfield code="x">History</subfield><subfield code="v">Newspapers.</subfield></datafield><datafield ind1=" " ind2="0" tag="651"><subfield code="a">Vermillion (S.D.)</subfield><subfield code="v">Newspapers.</subfield></datafield><datafield ind1=" " ind2="0" tag="651"><subfield code="a">Clay County (S.D.)</subfield><subfield code="v">Newspapers.</subfield></datafield><datafield ind1=" " ind2="7" tag="651"><subfield code="a">South Dakota</subfield><subfield code="z">Clay County.</subfield><subfield code="2">fast</subfield><subfield code="0">(OCoLC)fst01215573</subfield></datafield><datafield ind1=" " ind2="7" tag="651"><subfield code="a">South Dakota</subfield><subfield code="z">Vermillion.</subfield><subfield code="2">fast</subfield><subfield code="0">(OCoLC)fst01217710</subfield></datafield><datafield ind1=" " ind2="7" tag="651"><subfield code="a">United States</subfield><subfield code="z">Dakota Territory.</subfield><subfield code="2">fast</subfield><subfield code="0">(OCoLC)fst01228148</subfield></datafield><datafield ind1=" " ind2="7" tag="655"><subfield code="a">History.</subfield><subfield code="2">fast</subfield><subfield code="0">(OCoLC)fst01411628</subfield></datafield><datafield ind1=" " ind2="7" tag="655"><subfield code="a">Newspapers.</subfield><subfield code="2">fast</subfield><subfield code="0">(OCoLC)fst01423814</subfield></datafield><datafield ind1=" " ind2=" " tag="752"><subfield code="a">United States</subfield><subfield code="b">South Dakota</subfield><subfield code="c">Clay</subfield><subfield code="d">Vermillion.</subfield></datafield><datafield ind1="4" ind2="1" tag="856"><subfield code="3">04/05/1862 to 10/14/1875</subfield><subfield code="u">http://infoweb.newsbank.com/?db=EANX&amp;s_browseRef=decades/10FE7BD6415B2B00/all.xml</subfield></datafield><datafield ind1="1" ind2=" " tag="029"><subfield code="a">AU@</subfield><subfield code="b">000025814379</subfield></datafield></record>